@ARTICLE{601246, 
author={Hartley, R.I.}, 
journal={Pattern Analysis and Machine Intelligence, IEEE Transactions on}, 
title={In defense of the eight-point algorithm}, 
year={1997}, 
volume={19}, 
number={6}, 
pages={580-593}, 
keywords={matrix algebra;noise;stereo image processing;eight-point algorithm;fundamental matrix;noise susceptibility;normalization;stereo images;uncalibrated cameras;Algorithm design and analysis;Cameras;Computer vision;Equations;Helium;Image reconstruction;Iterative algorithms;Layout;Least squares methods;Stereo vision}, 
doi={10.1109/34.601246}, 
ISSN={0162-8828},}

@incollection{Longuet-Higgins87,
  AUTHOR = {H. C. Longuet-Higgins},
  TITLE = {A Computer Algorithm for Reconstructing a Scene from Two Projections},
  YEAR = 1987,
  BOOKTITLE = {Readings in Computer Vision: Issues, Problems, Principles, and Paradigms},
  EDITOR = {M. A. Fischler and O. Firschein},
  PUBLISHER = {Kaufmann},
  ADDRESS = {Los Altos, CA.},
  PAGES = {61-62},
  KEYWORDS = {vision}
  }